<record><leader>00000cas a2200000 a 4500</leader><controlfield tag="001">11251631</controlfield><controlfield tag="008">841011d19051907nmudn ne      0   a0eng  </controlfield><datafield ind1=" " ind2=" " tag="010"><subfield code="a">sn 84020615 </subfield></datafield><datafield ind1=" " ind2=" " tag="040"><subfield code="a">DLC</subfield><subfield code="b">eng</subfield><subfield code="c">DLC</subfield><subfield code="d">NVM</subfield><subfield code="d">OCLCQ</subfield><subfield code="d">DLC</subfield><subfield code="d">OCLCQ</subfield><subfield code="d">OCLCO</subfield><subfield code="d">DLC</subfield><subfield code="d">OCLCF</subfield><subfield code="d">DLC</subfield><subfield code="d">IUL</subfield></datafield><datafield ind1="0" ind2=" " tag="022"><subfield code="a">2332-9920</subfield><subfield code="l">2332-9920</subfield><subfield code="2">1</subfield></datafield><datafield ind1=" " ind2=" " tag="042"><subfield code="a">pcc</subfield><subfield code="a">nsdp</subfield></datafield><datafield ind1=" " ind2=" " tag="043"><subfield code="a">n-us-nm</subfield></datafield><datafield ind1="0" ind2="0" tag="050"><subfield code="a">Newspaper</subfield></datafield><datafield ind1="0" ind2="0" tag="082"><subfield code="a">071</subfield><subfield code="2">23</subfield></datafield><datafield ind1=" " ind2="0" tag="222"><subfield code="a">Albuquerque evening citizen</subfield><subfield code="b">(Print)</subfield></datafield><datafield ind1="0" ind2="0" tag="245"><subfield code="a">Albuquerque evening citizen.</subfield></datafield><datafield ind1="1" ind2="7" tag="246"><subfield code="a">Albuquerque daily citizen</subfield><subfield code="f">Apr. 22-24, 1905</subfield></datafield><datafield ind1=" " ind2=" " tag="260"><subfield code="a">Albuquerque, N.M. :</subfield><subfield code="b">Citizen Pub. Co.</subfield></datafield><datafield ind1=" " ind2=" " tag="300"><subfield code="a">v.</subfield></datafield><datafield ind1=" " ind2=" " tag="310"><subfield code="a">Daily (except Sunday)</subfield></datafield><datafield ind1="0" ind2=" " tag="362"><subfield code="a">Vol. 19, no. 112 (Apr. 22, 1905)-v. 21, no. 174 (July 25, 1907).</subfield></datafield><datafield ind1=" " ind2=" " tag="530"><subfield code="a">Also issued on microfilm from the Library of Congress, Photoduplication Service.</subfield></datafield><datafield ind1=" " ind2=" " tag="530"><subfield code="a">Archived issues are available in digital format as part of the Library of Congress Chronicling America online collection.</subfield></datafield><datafield ind1=" " ind2=" " tag="580"><subfield code="a">Weekly ed.: Albuquerque weekly citizen.</subfield></datafield><datafield ind1=" " ind2="0" tag="651"><subfield code="a">Albuquerque (N.M.)</subfield><subfield code="v">Newspapers.</subfield></datafield><datafield ind1=" " ind2="0" tag="651"><subfield code="a">Bernalillo County (N.M.)</subfield><subfield code="v">Newspapers.</subfield></datafield><datafield ind1=" " ind2="7" tag="651"><subfield code="a">New Mexico</subfield><subfield code="z">Albuquerque.</subfield><subfield code="2">fast</subfield><subfield code="0">(OCoLC)fst01205799</subfield></datafield><datafield ind1=" " ind2="7" tag="651"><subfield code="a">New Mexico</subfield><subfield code="z">Bernalillo County.</subfield><subfield code="2">fast</subfield><subfield code="0">(OCoLC)fst01218455</subfield></datafield><datafield ind1=" " ind2="7" tag="655"><subfield code="a">Newspapers.</subfield><subfield code="2">fast</subfield><subfield code="0">(OCoLC)fst01423814</subfield></datafield><datafield ind1=" " ind2=" " tag="752"><subfield code="a">United States</subfield><subfield code="b">New Mexico</subfield><subfield code="c">Bernalillo</subfield><subfield code="d">Albuquerque.</subfield></datafield><datafield ind1="1" ind2=" " tag="775"><subfield code="t">Albuquerque weekly citizen</subfield><subfield code="x">2327-1183</subfield><subfield code="w">(DLC)sn 92070464</subfield><subfield code="w">(OCoLC)26394261</subfield></datafield><datafield ind1="0" ind2="8" tag="776"><subfield code="i">Online version:</subfield><subfield code="t">Albuquerque evening citizen (Online)</subfield><subfield code="x">2332-9939</subfield><subfield code="w">(DLC)  2013271987</subfield><subfield code="w">(OCoLC)844194814</subfield></datafield><datafield ind1="0" ind2="0" tag="780"><subfield code="t">Daily citizen (Albuquerque, N.M. : 1903)</subfield><subfield code="w">(DLC)sn 84020614</subfield><subfield code="w">(OCoLC)11251538</subfield></datafield><datafield ind1="0" ind2="0" tag="785"><subfield code="t">Albuquerque citizen</subfield><subfield code="x">2327-1167</subfield><subfield code="w">(DLC)sn 84020616</subfield><subfield code="w">(OCoLC)11252045</subfield></datafield><datafield ind1="4" ind2="1" tag="856"><subfield code="u">http://www.loc.gov/chroniclingamerica/lccn/sn84020615/issues</subfield></datafield><datafield ind1="1" ind2=" " tag="029"><subfield code="a">AU@</subfield><subfield code="b">000041318168</subfield></datafield></record>